@inproceedings{Diplomka,
author = "Pavel Andrejs",
title = "Implementace bezpe£nostních mechanism· pro Clondike",
booktitle = "Výpočetní technika",
year = 2010,
URL = "https://dip.felk.cvut.cz/browse/pdfcache/malatpe1_2010dipl.pdf",
}

@article{Astrachan03,
author = "Owen Astrachan",
title = "Bubble Sort: An Archaeological Algorithmic Analysis",
journal = "ACM SIGCSE Bulletin",
year = 2003,
}

@inproceedings{Ranjan03,
author = "Ranjan Sinha and Justin Zobel",
title = "Efficient Trie-Based Sorting of Large Sets of Strings",
booktitle = "Australasian Computer Science Conference",
year = 2003,
}

@techreport{Biggar05,
author = "Paul Biggar and David Gregg",
title = "Sorting in the Presence of Branch Prediction and Caches",
institution = "unknown institution",
year = 2005,
}

