@misc{citace2,
AUTHOR = "STERN, Josef",
TITLE = "Tvorba prezentací pomocí LaTeXu ve třídě BEAMER [online]",
YEAR = "2011 [cit. 2012-11-02]",
TYPE = "Bakalářská práce",
SCHOOL = "JIHOČESKÁ UNIVERZITA V ČESKÝCH BUDĚJOVICÍCH, Pedagogická fakulta",
SUPERVISOR = "Jiří Pech",
URL = "Dostupné z WWW <http://theses.cz/id/889yaj/>",
}

